%
% Quantum ESPRESSO
%
@article{0953-8984-29-46-465901,
  author={P Giannozzi and O Andreussi and T Brumme and O Bunau and M Buongiorno Nardelli and M Calandra and R Car and C Cavazzoni and D
Ceresoli and M Cococcioni and N Colonna and I Carnimeo and A Dal Corso and S de Gironcoli and P Delugas and R A DiStasio Jr and A
Ferretti and A Floris and G Fratesi and G Fugallo and R Gebauer and U Gerstmann and F Giustino and T Gorni and J Jia and M Kawamura and H-Y
Ko and A Kokalj and E K\"u\c{c}\"ukbenli and M Lazzeri and M Marsili and N Marzari and F Mauri and N L Nguyen and H-V Nguyen and A
Otero-de-la-Roza and L Paulatto and S Ponc\'e and D Rocca and R Sabatini and B Santra and M Schlipf and A P Seitsonen and A Smogunov and I
Timrov and T Thonhauser and P Umari and N Vast and X Wu and S Baroni},
  title={Advanced capabilities for materials modelling with Q uantum ESPRESSO},
  journal={Journal of Physics: Condensed Matter},
  volume={29},
  number={46},
  pages={465901},
  url={http://stacks.iop.org/0953-8984/29/i=46/a=465901},
  year={2017},
}
%
% VESTA
%
@article{Momma:db5098,
author = "Momma, Koichi and Izumi, Fujio",
title = "{{\it VESTA3} for three-dimensional visualization of crystal, volumetric and morphology data}",
journal = "Journal of Applied Crystallography",
year = "2011",
volume = "44",
number = "6",
pages = "1272--1276",
month = "Dec",
doi = {10.1107/S0021889811038970},
url = {https://doi.org/10.1107/S0021889811038970},
keywords = {VESTA 3, data visualization, electronic state calculations, Voronoi tessellation, computer programs},
}
%
% FermiSurfer
%
@article{fermisurfer,
  title={FermiSurfer: Expressive Fermi-surface viewer},
  author={Kawamura, Mitsuaki},
  journal={arXiv preprint arXiv:1811.06177},
  year={2018}
}
%
% GGA-PBE functional
%
@article{PhysRevLett.78.1396,
  volume = {78},
  journal = {Phys. Rev. Lett.},
  author = {Perdew, John P. and Burke, Kieron and Ernzerhof, Matthias},
  title = {Generalized Gradient Approximation Made Simple [Phys. Rev. Lett. 77, 3865 (1996)]},
  year = {1997},
  url = {http://link.aps.org/doi/10.1103/PhysRevLett.78.1396},
  doi = {10.1103/PhysRevLett.78.1396},
  issue = {7},
  publisher = {American Physical Society},
  pages = {1396}
}
%
% Norm conserving, multiple projectors pseudopotentials (used in SG15)
%
@article{PhysRevB.88.085117,
  title = {Optimized norm-conserving Vanderbilt pseudopotentials},
  author = {Hamann, D. R.},
  journal = {Phys. Rev. B},
  volume = {88},
  issue = {8},
  pages = {085117},
  numpages = {10},
  year = {2013},
  month = {Aug},
  publisher = {American Physical Society},
  doi = {10.1103/PhysRevB.88.085117},
  url = {https://link.aps.org/doi/10.1103/PhysRevB.88.085117}
}
%
% Ultrasoft pseudopotential
%
@article{PhysRevB.41.7892,
  title = {Soft self-consistent pseudopotentials in a generalized eigenvalue formalism},
  author = {Vanderbilt, David},
  journal = {Phys. Rev. B},
  volume = {41},
  issue = {11},
  url = {http://link.aps.org/doi/10.1103/PhysRevB.41.7892},
  pages = {7892},
  year = {1990},
  doi = {10.1103/PhysRevB.41.7892},
  publisher = {American Physical Society}
}
%
% Projector augmented wave
%
@article{PhysRevB.50.17953,
  title = {Projector augmented-wave method},
  author = {Bl\"ochl, P. E.},
  journal = {Phys. Rev. B},
  volume = {50},
  issue = {24},
  pages = {17953--17979},
  numpages = {0},
  year = {1994},
  month = {Dec},
  publisher = {American Physical Society},
  doi = {10.1103/PhysRevB.50.17953},
  url = {https://link.aps.org/doi/10.1103/PhysRevB.50.17953}
}
%
% Optimized tetrahedron method
%
@article{PhysRevB.89.094515,
  title = {Improved tetrahedron method for the Brillouin-zone integration applicable to response functions},
  author = {Kawamura, Mitsuaki and Gohda, Yoshihiro and Tsuneyuki, Shinji},
  journal = {Phys. Rev. B},
  volume = {89},
  issue = {9},
  pages = {094515},
  numpages = {8},
  year = {2014},
  month = {Mar},
  publisher = {American Physical Society},
  doi = {10.1103/PhysRevB.89.094515},
  url = {https://link.aps.org/doi/10.1103/PhysRevB.89.094515}
}
%
% Standard Solid State Pseudopotentials (SSSP)
%
@Article{Prandini2018,
author={Prandini, Gianluca
and Marrazzo, Antimo
and Castelli, Ivano E.
and Mounet, Nicolas
and Marzari, Nicola},
title={Precision and efficiency in solid-state pseudopotential calculations},
journal={npj Computational Materials},
year={2018},
volume={4},
number={1},
pages={72},
issn={2057-3960},
doi={10.1038/s41524-018-0127-2},
url={https://doi.org/10.1038/s41524-018-0127-2}
}
%
% Optimized norm-conserving pseudopotentials (SG15 library)
%
@article{SCHLIPF201536,
title = "Optimization algorithm for the generation of ONCV pseudopotentials",
journal = "Computer Physics Communications",
volume = "196",
pages = "36 - 44",
year = "2015",
issn = "0010-4655",
doi = "https://doi.org/10.1016/j.cpc.2015.05.011",
url = "http://www.sciencedirect.com/science/article/pii/S0010465515001897",
author = "Martin Schlipf and Fran\c{c}ois Gygi",
}
%
% Garrity-Bennett-Rabe-Vanderbilt (GBRV) Pseudopotential Library
%
@article{GARRITY2014446,
title = "Pseudopotentials for high-throughput DFT calculations",
journal = "Computational Materials Science",
volume = "81",
pages = "446 - 452",
year = "2014",
issn = "0927-0256",
doi = "https://doi.org/10.1016/j.commatsci.2013.08.053",
url = "http://www.sciencedirect.com/science/article/pii/S0927025613005077",
author = "Kevin F. Garrity and Joseph W. Bennett and Karin M. Rabe and David Vanderbilt",
}
%
% PS Library v 0.3.1
%
@article{kucukbenli2014projector,
  title={Projector augmented-wave and all-electron calculations across the periodic table: a comparison of structural and energetic properties},
  author={Kucukbenli, E and Monni, M and Adetunji, BI and Ge, X and Adebayo, GA and Marzari, N and De Gironcoli, S and Corso, A Dal},
  journal={arXiv preprint arXiv:1404.3015},
  year={2014}
}
%
% PS Library v 1.0.0
%
@article{DALCORSO2014337,
title = "Pseudopotentials periodic table: From H to Pu",
journal = "Computational Materials Science",
volume = "95",
pages = "337 - 350",
year = "2014",
issn = "0927-0256",
doi = "https://doi.org/10.1016/j.commatsci.2014.07.043",
url = "http://www.sciencedirect.com/science/article/pii/S0927025614005187",
author = "Andrea Dal Corso",
}
%
% Pseudo Dojo
%
@article{VANSETTEN201839,
title = "The PseudoDojo: Training and grading a 85 element optimized norm-conserving pseudopotential table",
journal = "Computer Physics Communications",
volume = "226",
pages = "39 - 54",
year = "2018",
issn = "0010-4655",
doi = "https://doi.org/10.1016/j.cpc.2018.01.012",
url = "http://www.sciencedirect.com/science/article/pii/S0010465518300250",
author = "M.J. van Setten and M. Giantomassi and E. Bousquet and M.J. Verstraete and D.R. Hamann and X. Gonze and G.-M. Rignanese",
}
%
% Wentzcovitch Rare-Earce pseudopotential library
%
@article{TOPSAKAL2014263,
title = "Accurate projected augmented wave (PAW) datasets for rare-earth elements (RE=La--Lu)",
journal = "Computational Materials Science",
volume = "95",
pages = "263 - 270",
year = "2014",
issn = "0927-0256",
doi = "https://doi.org/10.1016/j.commatsci.2014.07.030",
url = "http://www.sciencedirect.com/science/article/pii/S0927025614005059",
author = "M. Topsakal and R.M. Wentzcovitch",
}